<record><leader>00000cas a22000007a 4500</leader><controlfield tag="001">9676988</controlfield><controlfield tag="008">830707d18761878ksuwr ne      0    0eng d</controlfield><controlfield tag="009">3789</controlfield><datafield ind1=" " ind2=" " tag="010"><subfield code="a">sn 83040282 </subfield></datafield><datafield ind1=" " ind2=" " tag="040"><subfield code="a">KSH</subfield><subfield code="b">eng</subfield><subfield code="c">KSH</subfield><subfield code="d">NPT</subfield><subfield code="d">NPX</subfield><subfield code="d">NPT</subfield></datafield><datafield ind1="1" ind2=" " tag="029"><subfield code="a">AU@</subfield><subfield code="b">000025793629</subfield></datafield><datafield ind1=" " ind2=" " tag="042"><subfield code="a">msc</subfield></datafield><datafield ind1="0" ind2="4" tag="245"><subfield code="a">The Fort Scott pioneer.</subfield></datafield><datafield ind1=" " ind2=" " tag="260"><subfield code="a">Fort Scott, Kan. :</subfield><subfield code="b">Sargent &amp; Larkin,</subfield><subfield code="c">1876-1878.</subfield></datafield><datafield ind1=" " ind2=" " tag="300"><subfield code="a">2 v. ;</subfield><subfield code="c">64 cm.</subfield></datafield><datafield ind1=" " ind2=" " tag="310"><subfield code="a">Weekly</subfield></datafield><datafield ind1="0" ind2=" " tag="362"><subfield code="a">Vol. 12, no. 38 (Jan. 6, 1876)-v. 14, no. 48 (Mar. 14, 1878).</subfield></datafield><datafield ind1=" " ind2=" " tag="500"><subfield code="a">"Democratic."</subfield></datafield><datafield ind1=" " ind2=" " tag="500"><subfield code="a">Editor: U.F. Sargent.</subfield></datafield><datafield ind1=" " ind2=" " tag="580"><subfield code="a">Merged with: Bourbon County democrat (non-extant), to form: Fort Scott herald (Fort Scott, Kan. : 1878).</subfield></datafield><datafield ind1="1" ind2=" " tag="700"><subfield code="a">Sargent, U. F.</subfield><subfield code="q">(Uzzel F.)</subfield></datafield><datafield ind1=" " ind2=" " tag="752"><subfield code="a">United States</subfield><subfield code="b">Kansas</subfield><subfield code="c">Bourbon</subfield><subfield code="d">Fort Scott.</subfield></datafield><datafield ind1="0" ind2="0" tag="780"><subfield code="t">Sentinel and pioneer</subfield><subfield code="w">(DLC)sn 83040436</subfield></datafield><datafield ind1="1" ind2="7" tag="785"><subfield code="t">Bourbon County democrat</subfield></datafield><datafield ind1="1" ind2="7" tag="785"><subfield code="t">Fort Scott herald (Fort Scott, Kan. : 1878)</subfield><subfield code="w">(DLC)sn 83040285</subfield></datafield></record>